\nocite{*}
@book{allen,
 author = {Allen, M. P. and Tildesley, D. J.},
 title = {Computer Simulation of Liquids},
 year = {1989},
 isbn = {0-19-855645-4},
 publisher = {Clarendon Press},
 address = {New York, NY, USA},
} 
@book{Frenkel,
	author = {Frenkel, Daan and Smit, Berend},
	title = {Understanding Molecular Simulation},
	year = {2001},
	isbn = {0122673514},
	edition = {2nd},
	publisher = {Academic Press, Inc.},
	address = {Orlando, FL, USA},
} 
@misc{allen-codes,
	title = {Computational chemistry list, ltd. {CCL} allen-tildesley-book},
	howpublished = {\url{http://www.ccl.net/cca/software/SOURCES/FORTRAN/allen-tildesley-book/index.shtml}},
	note = {Accessed: 2017-06-13}
}
@article{Shake,
	title = "Numerical integration of the cartesian equations of motion of a system with constraints: molecular dynamics of n-alkanes",
	journal = "Journal of Computational Physics",
	volume = "23",
	number = "3",
	pages = "327 - 341",
	year = "1977",
	note = "",
	issn = "0021-9991",
	doi = "http://dx.doi.org/10.1016/0021-9991(77)90098-5",
	url = "http://www.sciencedirect.com/science/article/pii/0021999177900985",
	author = "Jean-Paul Ryckaert and Giovanni Ciccotti and Herman J.C Berendsen",	
}
@article{Rattle,
	title = "Rattle: A “velocity” version of the shake algorithm for molecular dynamics calculations",
	journal = "Journal of Computational Physics",
	volume = "52",
	number = "1",
	pages = "24 - 34",
	year = "1983",
	note = "",
	issn = "0021-9991",
	doi = "http://dx.doi.org/10.1016/0021-9991(83)90014-1",
	url = "http://www.sciencedirect.com/science/article/pii/0021999183900141",
	author = "Hans C Andersen",
	
}
@misc{APMA1740,
  Author = {Harrison, Matthew},
  Institution = {Brown University},
  publisher = {{APMA}1740 lecture},
  year = {2017},
  title = {{APMA}1740 lecture: {M}arkov chains, {M}arkov chain {M}onte {C}arlo ({MCMC})}
}